% This file was created with JabRef 2.10.
% Encoding: UTF8


@Book{domain_kohonen,
  Title                    = {Self-Organizing Maps (Third Extended Edition)},
  Author                   = {T. Kohonen},
  Publisher                = {New York},
  Year                     = {2001},

  Owner                    = {Admin},
  Timestamp                = {2015.05.03}
}

@Electronic{domain_neuropro,
  Title                    = {Нейронные сети,
методы обработки и
анализа данных},
  Author                   = {Царегородцев В.Г.},
  HowPublished             = {Электронные данные},
  Url                      = {http://www.neuropro.ru/},
  Year                     = {2015},

  Owner                    = {Admin},
  Timestamp                = {2015.05.03}
}

@Book{domain_romanov,
  Title                    = {Интеллектуальные информационные системы в экономике.
Учебное пособие},
  Author                   = {Романов В.Д.},
  Publisher                = {Московский государственный университет печати},
  Year                     = {2003},

  Owner                    = {Admin},
  Timestamp                = {2015.05.03}
}

@Book{domain_neuro_tech,
  Title                    = {Нейрокомпьютерная техника: Теория и практика.},
  Author                   = {Ф. Вассерман.},
  Publisher                = {М.: «Мир»},
  Year                     = {1992},

  Owner                    = {Admin},
  Timestamp                = {2015.05.03}
}

@Book{ot_electric_lighting,
  Title                    = {Электрическое освещение. Справочник.},
  Author                   = {Козловская В.Б., Радкевич В.Н., Сацукевич В.Н.},
  Publisher                = {Минск},
  Year                     = {2007},

  Owner                    = {Admin},
  Timestamp                = {2015.05.02}
}

@Book{domain_rosenblatt,
  Title                    = {Principles of Neurodynamic: Perceptrons and the Theory of Brain Mechanisms.},
  Author                   = {Розенблатт},
  Publisher                = {М.: Мир},
  Year                     = {1965},

  Owner                    = {Admin},
  Timestamp                = {2015.05.03}
}

@Electronic{domain_aiportal,
  Title                    = {Нейронные сети},
  HowPublished             = {Электронный ресурс},
  Organization             = {Портал искусственного интеллекта},
  Url                      = {http://www.aiportal.ru/articles/neural-networks/neural-networks.html},

  Owner                    = {Admin},
  Timestamp                = {2015.05.03}
}

@Electronic{ot_diod_lamp,
  Title                    = {СВЕТОДИОДНАЯ ЛАМПА},
  HowPublished             = {Электронные данные},
  Organization             = {http://radioskot.ru/},
  Url                      = {http://radioskot.ru/publ/svetodiody/svetodiodna_lampa/3-1-0-141},

  Owner                    = {Admin},
  Timestamp                = {2015.05.02}
}

@Book{ot_russia_encyclopedia,
  Title                    = {Российская энциклопедия по охране труда},
  Publisher                = {Изд-во НЦ ЭНАС},
  Year                     = {2007},

  Owner                    = {Admin},
  Timestamp                = {2015.05.02}
}

